<?xml version="1.0" encoding="UTF-8"?>
<marc:collection xmlns:marc="http://www.loc.gov/MARC21/slim" xmlns:xsi="http://www.w3.org/2001/XMLSchema-instance" xsi:schemaLocation="http://www.loc.gov/MARC21/slim http://www.loc.gov/standards/marcxml/schema/MARC21slim.xsd">
   <marc:record type="Bibliographic">
      <marc:leader>02042cam a2200445 a 4500</marc:leader>
      <marc:controlfield tag="001">735619</marc:controlfield>
      <marc:controlfield tag="003">NjP</marc:controlfield>
      <marc:controlfield tag="005">20160930173629.0</marc:controlfield>
      <marc:controlfield tag="007">hd bfa014baaa</marc:controlfield>
      <marc:controlfield tag="007">hd bfa014baba</marc:controlfield>
      <marc:controlfield tag="007">hd afa014baca</marc:controlfield>
      <marc:controlfield tag="008">920124s1870    tu      a     000 0 ara d</marc:controlfield>
      <marc:datafield tag="024" ind1="7" ind2=" ">
         <marc:subfield code="a">princeton_aco001353</marc:subfield>
         <marc:subfield code="2">local</marc:subfield>
      </marc:datafield>
      <marc:datafield tag="035" ind1=" " ind2=" ">
         <marc:subfield code="a">(OCoLC)25335824</marc:subfield>
      </marc:datafield>
      <marc:datafield tag="035" ind1=" " ind2=" ">
         <marc:subfield code="a">(OCoLC)ocn176443472</marc:subfield>
      </marc:datafield>
      <marc:datafield tag="035" ind1=" " ind2=" ">
         <marc:subfield code="a">(OCoLC)176443472</marc:subfield>
      </marc:datafield>
      <marc:datafield tag="035" ind1=" " ind2=" ">
         <marc:subfield code="a">(CStRLIN)NJPG92-B4116</marc:subfield>
      </marc:datafield>
      <marc:datafield tag="035" ind1=" " ind2=" ">
         <marc:subfield code="9">ADH2242TS</marc:subfield>
      </marc:datafield>
      <marc:datafield tag="035" ind1=" " ind2=" ">
         <marc:subfield code="a">(NjP)735619</marc:subfield>
      </marc:datafield>
      <marc:datafield tag="040" ind1=" " ind2=" ">
         <marc:subfield code="a">NjP</marc:subfield>
         <marc:subfield code="c">PUL</marc:subfield>
         <marc:subfield code="d">PUL</marc:subfield>
      </marc:datafield>
      <marc:datafield tag="049" ind1=" " ind2=" ">
         <marc:subfield code="a">PULL</marc:subfield>
      </marc:datafield>
      <marc:datafield tag="079" ind1=" " ind2=" ">
         <marc:subfield code="a">ocm25335824</marc:subfield>
      </marc:datafield>
      <marc:datafield tag="100" ind1="1" ind2=" ">
         <marc:subfield code="6">880-01</marc:subfield>
         <marc:subfield code="a">Khādimī, Muḥammad ibn Muṣṭafá,</marc:subfield>
         <marc:subfield code="d">1701 or 2-1762 or 3.</marc:subfield>
         <marc:subfield code="0">(uri)http://id.loc.gov/authorities/names/nr91027348</marc:subfield>
      </marc:datafield>
      <marc:datafield tag="240" ind1="1" ind2="0">
         <marc:subfield code="6">880-02</marc:subfield>
         <marc:subfield code="a">Barīqah sharḥ al-Ṭarīqah al-Muḥammadīyah</marc:subfield>
      </marc:datafield>
      <marc:datafield tag="245" ind1="1" ind2="3">
         <marc:subfield code="6">880-03</marc:subfield>
         <marc:subfield code="a">al-Jild al-awwal[-al-thānī] min al-Barīqah sharḥ al-Ṭarīqah al-Muḥammadīyah</marc:subfield>
         <marc:subfield code="h">[microform] /</marc:subfield>
         <marc:subfield code="c">lil-Khādimī.</marc:subfield>
      </marc:datafield>
      <marc:datafield tag="260" ind1=" " ind2=" ">
         <marc:subfield code="a">[Istanbul :</marc:subfield>
         <marc:subfield code="b">s.n.,</marc:subfield>
         <marc:subfield code="c">1287 [1870]]</marc:subfield>
      </marc:datafield>
      <marc:datafield tag="300" ind1=" " ind2=" ">
         <marc:subfield code="a">2 v. ;</marc:subfield>
         <marc:subfield code="c">25 cm.</marc:subfield>
      </marc:datafield>
      <marc:datafield tag="533" ind1=" " ind2=" ">
         <marc:subfield code="a">Microfilm.</marc:subfield>
         <marc:subfield code="b">Bethlehem, PA :</marc:subfield>
         <marc:subfield code="c">Mid-Atlantic Preservation Service,</marc:subfield>
         <marc:subfield code="d">1991.</marc:subfield>
         <marc:subfield code="e">1 microfilm reel ; 35 mm.</marc:subfield>
         <marc:subfield code="f">(Princeton University Arabic collection ; cn. 9100773.01).</marc:subfield>
         <marc:subfield code="7">s1991    paun a</marc:subfield>
      </marc:datafield>
      <marc:datafield tag="590" ind1=" " ind2=" ">
         <marc:subfield code="a">Princeton Arabic Microfilming Project.</marc:subfield>
      </marc:datafield>
      <marc:datafield tag="600" ind1="0" ind2="0">
         <marc:subfield code="a">Birgivî Mehmet Efendi,</marc:subfield>
         <marc:subfield code="d">approximately 1522-1573.</marc:subfield>
         <marc:subfield code="t">Ṭarīqah al-Muḥammadīyah.</marc:subfield>
      </marc:datafield>
      <marc:datafield tag="740" ind1="0" ind2=" ">
         <marc:subfield code="6">880-04</marc:subfield>
         <marc:subfield code="a">Barīqah sharḥ al-Ṭarīqah al-Muḥammadīyah.</marc:subfield>
      </marc:datafield>
      <marc:datafield tag="830" ind1=" " ind2="0">
         <marc:subfield code="a">Princeton University Arabic collection ;</marc:subfield>
         <marc:subfield code="v">cn. 9100773.01.</marc:subfield>
      </marc:datafield>
      <marc:datafield tag="880" ind1="1" ind2=" ">
         <marc:subfield code="6">100-01/r</marc:subfield>
         <marc:subfield code="a">خادمي، محمد بن مصطفى،</marc:subfield>
         <marc:subfield code="d">1701 or 2-1762 or 3.</marc:subfield>
      </marc:datafield>
      <marc:datafield tag="880" ind1="1" ind2="0">
         <marc:subfield code="6">240-02/r</marc:subfield>
         <marc:subfield code="a">بريقة شرح الطريقة المحمدية</marc:subfield>
      </marc:datafield>
      <marc:datafield tag="880" ind1="1" ind2="2">
         <marc:subfield code="6">245-03/r</marc:subfield>
         <marc:subfield code="a">الجلد الاول[الثاني] من البريقة شرح الطريقة المحمدية</marc:subfield>
         <marc:subfield code="h">[microform] /</marc:subfield>
         <marc:subfield code="c">للخادمي.</marc:subfield>
      </marc:datafield>
      <marc:datafield tag="880" ind1="0" ind2=" ">
         <marc:subfield code="6">740-04/r</marc:subfield>
         <marc:subfield code="a">بريقة شرح الطريقة المحمدية.</marc:subfield>
      </marc:datafield>
      <marc:datafield tag="998" ind1=" " ind2=" ">
         <marc:subfield code="a">01/28/92</marc:subfield>
         <marc:subfield code="s">9124</marc:subfield>
         <marc:subfield code="n">NjP</marc:subfield>
         <marc:subfield code="w">NJPG92B4116</marc:subfield>
         <marc:subfield code="d">01/24/92</marc:subfield>
         <marc:subfield code="c">JAB</marc:subfield>
         <marc:subfield code="b">JAB</marc:subfield>
         <marc:subfield code="i">920128</marc:subfield>
         <marc:subfield code="l">NJPG</marc:subfield>
      </marc:datafield>
      <marc:datafield tag="948" ind1=" " ind2=" ">
         <marc:subfield code="a">CON AACR2 bw set 01</marc:subfield>
      </marc:datafield>
      <marc:datafield tag="911" ind1=" " ind2=" ">
         <marc:subfield code="a">19921028</marc:subfield>
      </marc:datafield>
      <marc:datafield tag="912" ind1=" " ind2=" ">
         <marc:subfield code="a">19920128000000.0</marc:subfield>
      </marc:datafield>
      <marc:datafield tag="994" ind1=" " ind2=" ">
         <marc:subfield code="a">C0</marc:subfield>
         <marc:subfield code="b">PUL</marc:subfield>
      </marc:datafield>
      <marc:datafield tag="999" ind1=" " ind2=" ">
         <marc:subfield code="a">735619</marc:subfield>
      </marc:datafield>
   </marc:record>
</marc:collection>
